<record><leader>00000cas a22000007a 4500</leader><controlfield tag="001">19417317</controlfield><controlfield tag="008">890323d19151915nduwr ne      0    0eng d</controlfield><datafield ind1=" " ind2=" " tag="010"><subfield code="a">sn 89074068 </subfield></datafield><datafield ind1=" " ind2=" " tag="040"><subfield code="a">NOP</subfield><subfield code="b">eng</subfield><subfield code="c">NOP</subfield><subfield code="d">OCLCQ</subfield></datafield><datafield ind1="0" ind2=" " tag="041"><subfield code="a">eng</subfield><subfield code="a">ger</subfield></datafield><datafield ind1=" " ind2=" " tag="042"><subfield code="a">msc</subfield></datafield><datafield ind1="0" ind2=" " tag="130"><subfield code="a">Wells County news (Sykeston, N.D.)</subfield></datafield><datafield ind1="1" ind2="4" tag="245"><subfield code="a">The Wells County news.</subfield></datafield><datafield ind1=" " ind2=" " tag="260"><subfield code="a">Sykeston, Wells County, N.D. :</subfield><subfield code="b">W.B. Morton</subfield></datafield><datafield ind1=" " ind2=" " tag="300"><subfield code="a">1 volume :</subfield><subfield code="b">illustrations ;</subfield><subfield code="c">51 cm</subfield></datafield><datafield ind1=" " ind2=" " tag="310"><subfield code="a">Weekly</subfield></datafield><datafield ind1=" " ind2=" " tag="336"><subfield code="a">text</subfield><subfield code="b">txt</subfield><subfield code="2">rdacontent</subfield></datafield><datafield ind1=" " ind2=" " tag="337"><subfield code="a">unmediated</subfield><subfield code="b">n</subfield><subfield code="2">rdamedia</subfield></datafield><datafield ind1=" " ind2=" " tag="338"><subfield code="a">volume</subfield><subfield code="b">nc</subfield><subfield code="2">rdacarrier</subfield></datafield><datafield ind1="0" ind2=" " tag="362"><subfield code="a">Vol. 12, no. 13 (June 18, 1915)-v. 12, no. 19 (July 30, 1915).</subfield></datafield><datafield ind1=" " ind2=" " tag="500"><subfield code="a">"County official paper."</subfield></datafield><datafield ind1=" " ind2=" " tag="530"><subfield code="a">Available on microfilm from the State Historical Society of North Dakota.</subfield></datafield><datafield ind1=" " ind2=" " tag="546"><subfield code="a">Some columns in German.</subfield></datafield><datafield ind1=" " ind2=" " tag="752"><subfield code="a">United States</subfield><subfield code="b">North Dakota</subfield><subfield code="c">Wells</subfield><subfield code="d">Sykeston.</subfield></datafield><datafield ind1="0" ind2="0" tag="780"><subfield code="t">Sykeston tribune</subfield><subfield code="w">(DLC)sn 89074067</subfield></datafield><datafield ind1="0" ind2="0" tag="785"><subfield code="t">Sykeston news</subfield><subfield code="w">(DLC)sn 89074069</subfield></datafield></record>